@article{DSW16,
	author = {Julian Dibbelt and Ben Strasser and Dorothea Wagner},
	title = {Customizable Contraction Hierarchies},
	journal = {Experimental Algorithms},
	year = {2016},
	pages = {1.5:1--1.5:49},
	doi = {10.1145/2886843},
}
